@comment{x-kbibtex-personnameformatting=<%l><, %f>}

@article{haykin,
	author = "Haykin, SIMON",
	journal = "Bookman, Porto Alegre, Brazil",
	title = "{Redes neurais: princ{\'i}pios e aplica\c{c}{\~o}es}",
	year = "2000"
}

@book{faceli,
	author = "Faceli, Katti",
	publisher = "Grupo Gen-LTC",
	title = "{Intelig{\^e}ncia artificial: uma abordagem de aprendizado de m{\'a}quina}",
	year = "2011"
}

@book{isaias,
	author = "Lima, Isa{\'i}as and Pinheiro, Carlos and {Santos Oliveira}, Fl{\'a}vio",
	publisher = "Elsevier Brasil",
	title = "{Intelig{\^e}ncia artificial}",
	volume = "1",
	year = "2004"
}

@book{braga,
	author = "Braga, A de P and Carvalho, ACPLF and Ludermir, Teresa Bernarda",
	publisher = "Livros T{\'e}cnicos e Cient{\'i}ficos",
	title = "{Redes neurais artificiais: teoria e aplica\c{c}{\~o}es}",
	year = "2000"
}

@misc{ng,
	author = "Ng, Andrew",
	howpublished = "MOOC Lecture",
	institution = "Stanford University",
	title = "{Machine Learning}",
	url = "https://www.coursera.org/learn/machine-learning",
	year = "2015"
}

@book{michell,
	author = "Anderson, John Robert and Michalski, Ryszard Stanis{\l}aw and Carbonell, Jaime Guillermo and Mitchell, Tom Michael",
	publisher = "Morgan Kaufmann",
	title = "{Machine learning: An artificial intelligence approach}",
	volume = "2",
	year = "1986"
}

